@misc{cooper_2015, 
    title={LinkedIn's new message redesign}, url={https://www.linkedin.com/pulse/linkedins-new-friendly-message-feature-greg-cooper/}, 
    journal={LinkedIn}, 
    author={Cooper, Greg}, 
    year={2015}, 
    month={Sep}
},
@misc{hull_2015,
    title={New messaging experience comes to LinkedIn, finally!},
    year={2015},
    month={Sep},
    journal={LinkedIn},
    url={https://blog.linkedin.com/2015/09/01/new-messaging-experience-comes-to-linkedin-finally},
    author={Hull, Mark}
},
@misc{price_2017,
    title={LinkedInâ€™s New Instant Conversations Are A Major Messaging Upgrade},
    url={https://www.fastcompany.com/40405918/linkedins-new-instant-conversations-are-a-major-messaging-upgrade},
    journal={Fast Company},
    author={Price, Emily},
    year={2017},
    month={Apr}
},
@misc{simos_2018,
    title={LinkedIn Enhances Its Messaging With New Updates},
    author={Carey-Simos, George},
    url={https://wersm.com/linkedin-enhances-its-messaging-with-new-updates/},
    year={2018},
    month={Jul},
    journal={Wersm}
},

@misc{warren_2017, 
    title={LinkedIn's new design looks a lot like Facebook}, url={https://www.theverge.com/2017/1/19/14323180/linkedin-design-update-2017}, 
    journal={The Verge}, 
    publisher={The Verge}, 
    author={Warren, Tom}, 
    year={2017}, 
    month={Jan}
},

@misc{ingraham_2020, 
    title={The awful LinkedIn inbox is now a modern messaging service}, url={https://www.engadget.com/2015-09-01-linkedin-messaging-inbox-update.html}, journal={Engadget}, 
    author={Ingraham, Nathan}, 
    year={2020}, 
    month={Feb}
},

@misc{gonzalez_2017, title={The New LinkedIn Looks Just Like Facebook. Smart Move.}, url={https://www.wired.com/2017/01/new-linkedin-looks-just-like-facebook-smart-move/}, journal={Wired}, publisher={Conde Nast}, author={Gonzalez, Robbie}, year={2017}, month={Jun}}

@misc{lunden_2017, title={LinkedIn debuts new desktop version with 'chatbots', new search and more}, url={https://techcrunch.com/2017/01/19/linkedin-desktop-update/}, journal={TechCrunch}, publisher={TechCrunch}, author={Lunden, Ingrid}, year={2017}, month={Jan}}

@misc{driskell_2017, title={Hate LinkedIn's Redesign? How To Export Your Linkedin Contacts, With Tags!}, url={https://nathandriskell.com/export-linkedin-contacts-tags/}, journal={Nathan Driskell: Asperger's & Internet Addiction Specialist}, author={Driskell, Nathan}, year={2017}, month={Apr}}

@misc{zoowho_2020, title={What Is Personal CRM? Definition, Guide and Tools}, url={https://crm.org/crmland/personal-crm}, journal={CRM.org}, author={ZooWho}, year={2020}, month={May}}


@misc{zunenshine_2020, title={What Is Personal CRM? Definition, Guide and Tools}, url={https://crm.org/crmland/personal-crm}, journal={CRM.org}, author={Zunenshine, Michael}, year={2020}, month={May}}

@misc{cohn, title={User Stories and User Story Examples by Mike Cohn},
url={https://www.mountaingoatsoftware.com/agile/user-stories}, journal={Mountain Goat Software}, author={Cohn, Mike}}